@article{Ciasto2015,
author = {Ciasto, Laura M. and Simpkins, Graham R. and England, Matthew H.},
doi = {10.1175/JCLI-D-14-00438.1},
issn = {0894-8755},
journal = {Journal of Climate},
keywords = {Pacific-South American (PSA) pattern},
pages = {56--65},
title = {{Teleconnections between tropical Pacific SST anomalies and extratropical Southern Hemisphere climate}},
url = {http://journals.ametsoc.org/doi/abs/10.1175/JCLI-D-14-00438.1},
volume = {28},
year = {2015}
}

@article{Li2015,
author = {Li, Yanjie and Li, Jianping and Jin, Fei Fei and Zhao, Sen},
doi = {10.1175/JAS-D-14-0239.1},
journal = {Journal of the Atmospheric Sciences},
pages = {3233--3256},
title = {Interhemispheric propagation of stationary {R}ossby waves in a horizontally nonuniform background flow},
volume = {72},
year = {2015}
}
